%YAML 1.1
%TAG !u! tag:unity3d.com,2011:
--- !u!1 &1252819930540897410
GameObject:
  m_ObjectHideFlags: 0
  m_CorrespondingSourceObject: {fileID: 0}
  m_PrefabInstance: {fileID: 0}
  m_PrefabAsset: {fileID: 0}
  serializedVersion: 6
  m_Component:
  - component: {fileID: 1252819930540897411}
  - component: {fileID: 1252819930540897408}
  - component: {fileID: -7212402300023062483}
  - component: {fileID: 2003819707811973189}
  - component: {fileID: -7987297045884187813}
  m_Layer: 0
  m_Name: burnGelPrefab
  m_TagString: Untagged
  m_Icon: {fileID: 0}
  m_NavMeshLayer: 0
  m_StaticEditorFlags: 0
  m_IsActive: 1
--- !u!4 &1252819930540897411
Transform:
  m_ObjectHideFlags: 0
  m_CorrespondingSourceObject: {fileID: 0}
  m_PrefabInstance: {fileID: 0}
  m_PrefabAsset: {fileID: 0}
  m_GameObject: {fileID: 1252819930540897410}
  m_LocalRotation: {x: 0, y: 0, z: 0, w: 1}
  m_LocalPosition: {x: 7.582, y: -17.669, z: 0}
  m_LocalScale: {x: 0.08514302, y: 0.08514302, z: 0.284544}
  m_Children: []
  m_Father: {fileID: 0}
  m_RootOrder: 0
  m_LocalEulerAnglesHint: {x: 0, y: 0, z: 0}
--- !u!212 &1252819930540897408
SpriteRenderer:
  m_ObjectHideFlags: 0
  m_CorrespondingSourceObject: {fileID: 0}
  m_PrefabInstance: {fileID: 0}
  m_PrefabAsset: {fileID: 0}
  m_GameObject: {fileID: 1252819930540897410}
  m_Enabled: 1
  m_CastShadows: 0
  m_ReceiveShadows: 0
  m_DynamicOccludee: 1
  m_MotionVectors: 1
  m_LightProbeUsage: 1
  m_ReflectionProbeUsage: 1
  m_RayTracingMode: 0
  m_RenderingLayerMask: 1
  m_RendererPriority: 0
  m_Materials:
  - {fileID: 10754, guid: 0000000000000000f000000000000000, type: 0}
  m_StaticBatchInfo:
    firstSubMesh: 0
    subMeshCount: 0
  m_StaticBatchRoot: {fileID: 0}
  m_ProbeAnchor: {fileID: 0}
  m_LightProbeVolumeOverride: {fileID: 0}
  m_ScaleInLightmap: 1
  m_ReceiveGI: 1
  m_PreserveUVs: 0
  m_IgnoreNormalsForChartDetection: 0
  m_ImportantGI: 0
  m_StitchLightmapSeams: 1
  m_SelectedEditorRenderState: 0
  m_MinimumChartSize: 4
  m_AutoUVMaxDistance: 0.5
  m_AutoUVMaxAngle: 89
  m_LightmapParameters: {fileID: 0}
  m_SortingLayerID: 0
  m_SortingLayer: 0
  m_SortingOrder: 0
  m_Sprite: {fileID: 21300000, guid: 1c1657fd4d1440441b465c59ce8a04e3, type: 3}
  m_Color: {r: 1, g: 1, b: 1, a: 1}
  m_FlipX: 0
  m_FlipY: 0
  m_DrawMode: 0
  m_Size: {x: 15, y: 12}
  m_AdaptiveModeThreshold: 0.5
  m_SpriteTileMode: 0
  m_WasSpriteAssigned: 1
  m_MaskInteraction: 0
  m_SpriteSortPoint: 0
--- !u!114 &-7212402300023062483
MonoBehaviour:
  m_ObjectHideFlags: 0
  m_CorrespondingSourceObject: {fileID: 0}
  m_PrefabInstance: {fileID: 0}
  m_PrefabAsset: {fileID: 0}
  m_GameObject: {fileID: 1252819930540897410}
  m_Enabled: 1
  m_EditorHideFlags: 0
  m_Script: {fileID: 11500000, guid: 623235001c0bd4c45aeac19fed0ce66b, type: 3}
  m_Name: 
  m_EditorClassIdentifier: 
--- !u!60 &2003819707811973189
PolygonCollider2D:
  m_ObjectHideFlags: 0
  m_CorrespondingSourceObject: {fileID: 0}
  m_PrefabInstance: {fileID: 0}
  m_PrefabAsset: {fileID: 0}
  m_GameObject: {fileID: 1252819930540897410}
  m_Enabled: 1
  m_Density: 1
  m_Material: {fileID: 0}
  m_IsTrigger: 1
  m_UsedByEffector: 0
  m_UsedByComposite: 0
  m_Offset: {x: 0, y: 0}
  m_SpriteTilingProperty:
    border: {x: 0, y: 0, z: 0, w: 0}
    pivot: {x: 0.5, y: 0.5}
    oldSize: {x: 15, y: 12}
    newSize: {x: 15, y: 12}
    adaptiveTilingThreshold: 0.5
    drawMode: 0
    adaptiveTiling: 0
  m_AutoTiling: 0
  m_Points:
    m_Paths:
    - - {x: -1.25, y: -4.71}
      - {x: -1.24, y: -4.7}
      - {x: -0.31, y: -4.7}
      - {x: -0.29999998, y: -4.71}
      - {x: -0.28, y: -4.71}
      - {x: -0.08, y: -4.7}
      - {x: -0.07, y: -4.71}
      - {x: 0.11, y: -4.71}
      - {x: 0.16, y: -4.7}
      - {x: 0.19, y: -4.69}
      - {x: 0.28, y: -4.65}
      - {x: 0.37, y: -4.5499997}
      - {x: 0.38, y: -4.52}
      - {x: 0.39999998, y: -4.42}
      - {x: 0.35, y: -4.31}
      - {x: 0.29999998, y: -4.27}
      - {x: 0.21, y: -4.22}
      - {x: 0.16, y: -4.2}
      - {x: 0.04, y: -4.21}
      - {x: -0.14, y: -4.29}
      - {x: -0.12, y: -4.18}
      - {x: -0.11, y: -4.11}
      - {x: -0.049999997, y: -3.99}
      - {x: -0.049999997, y: -3.9099998}
      - {x: -0.02, y: -3.81}
      - {x: 0.16, y: -3.6999998}
      - {x: 0.26999998, y: -3.6599998}
      - {x: 0.39, y: -3.61}
      - {x: 0.53999996, y: -3.54}
      - {x: 0.66999996, y: -3.47}
      - {x: 0.84, y: -3.37}
      - {x: 0.9, y: -3.33}
      - {x: 0.97999996, y: -3.1599998}
      - {x: 1.05, y: -2.9399998}
      - {x: 1.17, y: -2.82}
      - {x: 1.28, y: -2.55}
      - {x: 1.3399999, y: -2.37}
      - {x: 1.41, y: -2.1299999}
      - {x: 1.49, y: -1.88}
      - {x: 1.5799999, y: -1.43}
      - {x: 1.61, y: -1.38}
      - {x: 1.7099999, y: -1.11}
      - {x: 1.76, y: -0.97999996}
      - {x: 1.79, y: -0.88}
      - {x: 1.8499999, y: -0.69}
      - {x: 1.91, y: -0.56}
      - {x: 1.9399999, y: -0.44}
      - {x: 1.9699999, y: -0.32999998}
      - {x: 2.05, y: -0.089999996}
      - {x: 2.1, y: 0.04}
      - {x: 2.1299999, y: 0.12}
      - {x: 2.21, y: 0.37}
      - {x: 2.26, y: 0.52}
      - {x: 2.34, y: 0.72999996}
      - {x: 2.3999999, y: 0.90999997}
      - {x: 2.52, y: 1.24}
      - {x: 2.6499999, y: 1.5899999}
      - {x: 2.71, y: 1.7099999}
      - {x: 2.81, y: 2.05}
      - {x: 2.87, y: 2.22}
      - {x: 2.9399998, y: 2.4099998}
      - {x: 3.02, y: 2.61}
      - {x: 3.12, y: 2.83}
      - {x: 3.1599998, y: 2.9299998}
      - {x: 3.1999998, y: 3.04}
      - {x: 3.23, y: 3.1499999}
      - {x: 3.33, y: 3.36}
      - {x: 3.3899999, y: 3.53}
      - {x: 3.46, y: 3.6799998}
      - {x: 3.5, y: 3.73}
      - {x: 3.61, y: 3.9199998}
      - {x: 3.7099998, y: 4.0499997}
      - {x: 3.76, y: 4.13}
      - {x: 3.77, y: 4.16}
      - {x: 3.77, y: 4.2}
      - {x: 3.73, y: 4.25}
      - {x: 3.6799998, y: 4.27}
      - {x: 3.57, y: 4.29}
      - {x: 3.54, y: 4.3199997}
      - {x: 3.4299998, y: 4.38}
      - {x: 3.1799998, y: 4.46}
      - {x: 2.99, y: 4.5099998}
      - {x: 2.87, y: 4.5299997}
      - {x: 2.71, y: 4.58}
      - {x: 2.5, y: 4.65}
      - {x: 2.29, y: 4.71}
      - {x: 2.19, y: 4.7599998}
      - {x: 2.1, y: 4.79}
      - {x: 1.9499999, y: 4.83}
      - {x: 1.8499999, y: 4.87}
      - {x: 1.76, y: 4.9}
      - {x: 1.51, y: 4.98}
      - {x: 1.3399999, y: 5.0299997}
      - {x: 1.23, y: 5.0699997}
      - {x: 1.14, y: 5.1}
      - {x: 0.84999996, y: 5.21}
      - {x: 0.55, y: 5.31}
      - {x: 0.38, y: 5.37}
      - {x: 0.16, y: 5.43}
      - {x: 0, y: 5.46}
      - {x: -0.06, y: 5.46}
      - {x: -0.11, y: 5.43}
      - {x: -0.12, y: 5.4}
      - {x: -0.12, y: 5.0899997}
      - {x: -0.11, y: 4.95}
      - {x: -0.099999994, y: 4.85}
      - {x: -0.089999996, y: 4.67}
      - {x: -0.099999994, y: 4.66}
      - {x: -0.13, y: 4.41}
      - {x: -0.14, y: 4.2999997}
      - {x: -0.19999999, y: 4.04}
      - {x: -0.24, y: 3.84}
      - {x: -0.34, y: 3.49}
      - {x: -0.41, y: 3.1699998}
      - {x: -0.42, y: 3.08}
      - {x: -0.47, y: 2.8999999}
      - {x: -0.51, y: 2.71}
      - {x: -0.53999996, y: 2.51}
      - {x: -0.58, y: 2.36}
      - {x: -0.62, y: 2.18}
      - {x: -0.65999997, y: 1.9799999}
      - {x: -0.7, y: 1.8199999}
      - {x: -0.71999997, y: 1.7199999}
      - {x: -0.79999995, y: 1.28}
      - {x: -0.83, y: 1.18}
      - {x: -0.87, y: 1.01}
      - {x: -0.91999996, y: 0.77}
      - {x: -0.94, y: 0.7}
      - {x: -0.97999996, y: 0.5}
      - {x: -1.01, y: 0.39}
      - {x: -1.0699999, y: 0.14999999}
      - {x: -1.11, y: -0.04}
      - {x: -1.18, y: -0.41}
      - {x: -1.1999999, y: -0.48999998}
      - {x: -1.23, y: -0.59999996}
      - {x: -1.28, y: -0.78}
      - {x: -1.35, y: -1.05}
      - {x: -1.41, y: -1.29}
      - {x: -1.4399999, y: -1.36}
      - {x: -1.53, y: -1.77}
      - {x: -1.5799999, y: -2.07}
      - {x: -1.5899999, y: -2.23}
      - {x: -1.5799999, y: -2.32}
      - {x: -1.5699999, y: -2.35}
      - {x: -1.56, y: -2.45}
      - {x: -1.5799999, y: -2.57}
      - {x: -1.5799999, y: -2.73}
      - {x: -1.5699999, y: -2.76}
      - {x: -1.4499999, y: -2.9399998}
      - {x: -1.3199999, y: -3.1}
      - {x: -1.22, y: -3.25}
      - {x: -1.1, y: -3.3999999}
      - {x: -1.0699999, y: -3.46}
      - {x: -1.02, y: -3.54}
      - {x: -1.01, y: -3.7099998}
      - {x: -1.0699999, y: -3.79}
      - {x: -1.0799999, y: -3.82}
      - {x: -1.1, y: -3.9599998}
      - {x: -1.24, y: -4.18}
      - {x: -1.3, y: -4.16}
      - {x: -1.39, y: -4.15}
      - {x: -1.5699999, y: -4.0899997}
      - {x: -1.68, y: -4.0299997}
      - {x: -1.81, y: -3.97}
      - {x: -1.9, y: -3.9299998}
      - {x: -1.9599999, y: -3.8799999}
      - {x: -1.9799999, y: -3.83}
      - {x: -2.05, y: -3.75}
      - {x: -2.1499999, y: -3.6999998}
      - {x: -2.22, y: -3.7099998}
      - {x: -2.34, y: -3.75}
      - {x: -2.4299998, y: -3.6499999}
      - {x: -2.5, y: -3.62}
      - {x: -2.6, y: -3.58}
      - {x: -2.7, y: -3.57}
      - {x: -2.76, y: -3.57}
      - {x: -2.8799999, y: -3.6599998}
      - {x: -2.97, y: -3.6499999}
      - {x: -3, y: -3.6299999}
      - {x: -3.1999998, y: -3.6399999}
      - {x: -3.3, y: -3.6799998}
      - {x: -3.3799999, y: -3.72}
      - {x: -3.46, y: -3.83}
      - {x: -3.52, y: -3.97}
      - {x: -3.61, y: -4.0299997}
      - {x: -3.72, y: -4.13}
      - {x: -3.75, y: -4.22}
      - {x: -3.75, y: -4.27}
      - {x: -3.6999998, y: -4.4}
      - {x: -3.6899998, y: -4.49}
      - {x: -3.6499999, y: -4.56}
      - {x: -3.61, y: -4.65}
      - {x: -3.57, y: -4.69}
      - {x: -3.48, y: -4.74}
      - {x: -3.37, y: -4.7599998}
      - {x: -2.6399999, y: -4.7599998}
      - {x: -2.54, y: -4.77}
      - {x: -2.21, y: -4.77}
      - {x: -2.2, y: -4.7799997}
      - {x: -2.1299999, y: -4.7799997}
      - {x: -1.81, y: -4.74}
      - {x: -1.56, y: -4.73}
      - {x: -1.36, y: -4.72}
--- !u!50 &-7987297045884187813
Rigidbody2D:
  serializedVersion: 4
  m_ObjectHideFlags: 0
  m_CorrespondingSourceObject: {fileID: 0}
  m_PrefabInstance: {fileID: 0}
  m_PrefabAsset: {fileID: 0}
  m_GameObject: {fileID: 1252819930540897410}
  m_BodyType: 0
  m_Simulated: 1
  m_UseFullKinematicContacts: 0
  m_UseAutoMass: 0
  m_Mass: 1
  m_LinearDrag: 0
  m_AngularDrag: 0.05
  m_GravityScale: 0
  m_Material: {fileID: 0}
  m_Interpolate: 0
  m_SleepingMode: 1
  m_CollisionDetection: 1
  m_Constraints: 0
